@misc{zhang2022labeling,
  title         = {Labeling Trick: A Theory of Using Graph Neural Networks for Multi-Node Representation Learning},
  author        = {Muhan Zhang and Pan Li and Yinglong Xia and Kai Wang and Long Jin},
  year          = {2022},
  eprint        = {2010.16103},
  archiveprefix = {arXiv},
  primaryclass  = {cs.LG}
}

@article{abs-1906-01227,
  author     = {Chaitanya K. Joshi and Thomas Laurent and Xavier Bresson},
  title      = {An Efficient Graph Convolutional Network Technique for the Travelling Salesman Problem},
  journal    = {CoRR},
  volume     = {abs/1906.01227},
  year       = {2019},
  url        = {http://arxiv.org/abs/1906.01227},
  eprinttype = {arXiv},
  eprint     = {1906.01227},
  timestamp  = {Sat, 23 Jan 2021 01:20:18 +0100},
  biburl     = {https://dblp.org/rec/journals/corr/abs-1906-01227.bib},
  bibsource  = {dblp computer science bibliography, https://dblp.org}
}

@inproceedings{joshi2021learning,
  title     = {Learning TSP Requires Rethinking Generalization},
  author    = {Joshi, Chaitanya K and Cappart, Quentin and Rousseau, Louis-Martin and Laurent, Thomas},
  booktitle = {International Conference on Principles and Practice of Constraint Programming},
  year      = {2021}
}
@misc{almasan2020deep,
  title         = {Deep Reinforcement Learning meets Graph Neural Networks: exploring a routing optimization use case},
  author        = {Paul Almasan and José Suárez-Varela and Arnau Badia-Sampera and Krzysztof Rusek and Pere Barlet-Ros and Albert Cabellos-Aparicio},
  year          = {2020},
  eprint        = {1910.07421},
  archiveprefix = {arXiv},
  primaryclass  = {cs.NI}
}

@misc{zhou2021graph,
  title         = {Graph Neural Networks: A Review of Methods and Applications},
  author        = {Jie Zhou and Ganqu Cui and Shengding Hu and Zhengyan Zhang and Cheng Yang and Zhiyuan Liu and Lifeng Wang and Changcheng Li and Maosong Sun},
  year          = {2021},
  eprint        = {1812.08434},
  archiveprefix = {arXiv},
  primaryclass  = {cs.LG}
}