@article{MTZ-formulation,
  author     = {Miller, C. E. and Tucker, A. W. and Zemlin, R. A.},
  title      = {Integer Programming Formulation of Traveling Salesman Problems},
  year       = {1960},
  issue_date = {Oct. 1960},
  publisher  = {Association for Computing Machinery},
  address    = {New York, NY, USA},
  volume     = {7},
  number     = {4},
  issn       = {0004-5411},
  url        = {https://doi.org/10.1145/321043.321046},
  doi        = {10.1145/321043.321046},
  journal    = {J. ACM},
  month      = {oct},
  pages      = {326-329},
  numpages   = {4}
}

@inbook{B&B.ch7,
  publisher = {John Wiley and Sons, Ltd},
  author    = {Laurence Wolsey},
  isbn      = {9781119606475},
  title     = {Branch and Bound},
  booktitle = {Integer Programming},
  chapter   = {7},
  pages     = {113-138},
  doi       = {https://doi.org/10.1002/9781119606475.ch7},
  url       = {https://onlinelibrary.wiley.com/doi/abs/10.1002/9781119606475.ch7},
  eprint    = {https://onlinelibrary.wiley.com/doi/pdf/10.1002/9781119606475.ch7},
  year      = {2020}
}

@techreport{finding-cuts-in-the-TSP,
  author    = {Applegate, D. and Bixby, R. and Chvatal, V. and Cook, B.},
  title     = {Finding Cuts in the TSP (A Preliminary Report)},
  year      = {1995},
  publisher = {Center for Discrete Mathematics & Theoretical Computer Science}
}

@book{howard1960dynamic,
  title     = {Dynamic programming and Markov processes},
  author    = {Howard, R.A.},
  url       = {https://books.google.com/books?id=fXJEAAAAIAAJ},
  year      = {1960},
  publisher = {Technology Press of Massachusetts Institute of Technology}
} 

@article{Efficient-Training-of-artificial-Neural-Networks-for-Autonomous-Navigation,
  author  = {Pomerleau, Dean A.},
  journal = {Neural Computation},
  title   = {Efficient Training of Artificial Neural Networks for Autonomous Navigation},
  year    = {1991},
  volume  = {3},
  number  = {1},
  pages   = {88-97},
  doi     = {10.1162/neco.1991.3.1.88}
}

@inproceedings{GasseCFCL19,
  title     = {Exact Combinatorial Optimization with Graph Convolutional Neural Networks},
  author    = {Gasse, Maxime and Ch√©telat, Didier and Ferroni, Nicola and Charlin, Laurent and Lodi, Andrea},
  booktitle = {Advances in Neural Information Processing Systems 32},
  year      = {2019}
}

@inproceedings{prouvost2020ecole,
  title     = {Ecole: A Gym-like Library for Machine Learning in Combinatorial Optimization Solvers},
  author    = {Antoine Prouvost and Justin Dumouchelle and Lara Scavuzzo and Maxime Gasse and Didier Ch{\'e}telat and Andrea Lodi},
  booktitle = {Learning Meets Combinatorial Algorithms at NeurIPS2020},
  year      = {2020},
  url       = {https://openreview.net/forum?id=IVc9hqgibyB}
}